<record><leader>00000cas a22000007a 4500</leader><controlfield tag="001">10641497</controlfield><controlfield tag="008">840418d19uu199unyudn ne      0   z0korrc</controlfield><datafield ind1=" " ind2=" " tag="010"><subfield code="a">sn 84009067 </subfield></datafield><datafield ind1=" " ind2=" " tag="040"><subfield code="a">NSD</subfield><subfield code="b">eng</subfield><subfield code="c">NSD</subfield><subfield code="d">DLC</subfield><subfield code="d">NSD</subfield><subfield code="d">OCLCQ</subfield></datafield><datafield ind1=" " ind2=" " tag="012"><subfield code="j">0</subfield><subfield code="m">d</subfield></datafield><datafield ind1=" " ind2=" " tag="019"><subfield code="a">990553095</subfield></datafield><datafield ind1="1" ind2=" " tag="022"><subfield code="a">0743-7056</subfield><subfield code="l">0743-7056</subfield><subfield code="2">1</subfield></datafield><datafield ind1="1" ind2=" " tag="029"><subfield code="a">AU@</subfield><subfield code="b">000053346719</subfield></datafield><datafield ind1=" " ind2=" " tag="037"><subfield code="b">Chosun Ilbo U.S. Edition, 2 W. 32nd St., New York, N.Y. 10001</subfield></datafield><datafield ind1=" " ind2=" " tag="042"><subfield code="a">nsdp</subfield><subfield code="a">pcc</subfield></datafield><datafield ind1="0" ind2=" " tag="130"><subfield code="a">Choso&#774;n ilbo (Miju p'an)</subfield></datafield><datafield ind1=" " ind2="0" tag="222"><subfield code="a">Choso&#774;n ilbo</subfield><subfield code="b">(Miju p'an)</subfield></datafield><datafield ind1="1" ind2="0" tag="245"><subfield code="a">Choso&#774;n ilbo =</subfield><subfield code="b">Chosun ilbo.</subfield></datafield><datafield ind1="3" ind2="1" tag="246"><subfield code="a">Chosun ilbo</subfield></datafield><datafield ind1="1" ind2="3" tag="246"><subfield code="a">Chosun ilbo New York</subfield><subfield code="f">&lt;1991-yo&#774;n 2-wo&#774;l 9-il-&gt;</subfield></datafield><datafield ind1=" " ind2=" " tag="250"><subfield code="a">Miju p'an = U.S. ed.</subfield></datafield><datafield ind1=" " ind2=" " tag="260"><subfield code="a">New York, N.Y. :</subfield><subfield code="b">Chosun Ilbo U.S. Ed.</subfield></datafield><datafield ind1=" " ind2=" " tag="300"><subfield code="a">v.</subfield></datafield><datafield ind1=" " ind2=" " tag="310"><subfield code="a">Daily (except Sundays &amp; Holidays)</subfield></datafield><datafield ind1=" " ind2=" " tag="546"><subfield code="a">In Korean.</subfield></datafield><datafield ind1=" " ind2=" " tag="588"><subfield code="a">Description based on: 1984-yo&#774;n 2-wo&#774;l 9-il.</subfield></datafield><datafield ind1=" " ind2=" " tag="588"><subfield code="a">Latest issue consulted: Che 2332-ho (1991-yo&#774;n 10-wo&#774;l 17-il).</subfield></datafield><datafield ind1=" " ind2=" " tag="752"><subfield code="a">United States</subfield><subfield code="b">New York</subfield><subfield code="c">New York</subfield><subfield code="d">New York.</subfield></datafield><datafield ind1="0" ind2=" " tag="775"><subfield code="t">Cho&#774;sun ilbo</subfield><subfield code="f">ko</subfield></datafield><datafield ind1="0" ind2="0" tag="785"><subfield code="t">Chosun daily (New York, N.Y.)</subfield><subfield code="x">1084-2039</subfield><subfield code="w">(DLC)sn 95001015</subfield></datafield></record>